% Encoding: UTF-8
@book{Knuth1998,
 author = {Knuth, Donald E.},
 title = {The art of computer programming,  volume 3: (2nd ed.) sorting and searching},
 year = {1998},
 publisher = {Addison Wesley Longman Publishing Co., Inc.},
 address = {Redwood City, CA, USA}
}

@book{Pollefliet2011,
  author = {Pollefliet, Leen},
  title = {Schrijven van verslag tot eindwerk: do's en don'ts},
  year = {2011},
  publisher = {Academia Press},
  address = {Gent}
}

@article{Creeger2009,
  author = {Creeger, Mache},
  journal = {Communications of the ACM},
  number = {8},
  pages = {50--56},
  title = {{CTO Roundtable: Cloud Computing}},
  volume = {52},
  year = {2009}
}

@Misc{Knack,
  author = {Knack},
  title  = {Verdwijnt de lokale winkel binnenkort uit het straatbeeld?},
  month  = {11},
  year   = {2015},
  url    = {http://trends.knack.be/economie/bedrijven/verdwijnt-de-lokale-winkel-binnenkort-uit-het-straatbeeld/article-normal-628617.html},
}

@Misc{BeCommerce,
  author = {BeCommerce},
  title  = {De kaap van 10 miljard online bestedingen in 2017 vlot behaald},
  month  = {03},
  year   = {2018},
  url    = {https://www.becommerce.be/nl/nieuws/d/detail/de-kaap-van-10-miljard-online-bestedingen-in-2017-vlot-behaald},
}

@Booklet{Spark,
  title  = {Introduction to Machine Learning with Spark},
  author = {De Vreese, Sabine},
  year   = {2017},
}

@Misc{Stanford,
  author = {Nilsson, J. Nils},
  title  = {Introduction To Machine Learning},
  month  = {03},
  year   = {1998},
  url    = {http://robotics.stanford.edu/people/nilsson/MLBOOK.pdf},
}

@Book{Alpaydin,
  title     = {Introduction to machine learning},
  publisher = {Cambridge University Press},
  year      = {2012},
  author    = {Alpaydin, Ethem},
  isbn      = {978-0-262-01243-0},
}

@Misc{Redpixie,
  author = {Feldman, Mitchell},
  title  = {10 Real-World Examples of Machine Learning and AI},
  month  = {03},
  year   = {2018},
  url    = {https://www.redpixie.com/blog/examples-of-machine-learning},
}

@Misc{Dummies,
  author = {Mueller, John Paul and Massaron, Luca},
  title  = {3 Types of Machine Learning},
  year   = {2016},
  url    = {http://www.dummies.com/programming/big-data/data-science/3-types-machine-learning/},
}

@Misc{Mathworks,
  author = {Mathworks},
  title  = {Mastering Machine Learning},
  year   = {2018},
  url    = {https://nl.mathworks.com/content/dam/mathworks/tag-team/Objects/m/machine-learning-workflow-ebook.pdf},
}

@Misc{incompleteideas,
  author = {Sutton, Richard S. and Barto, Andrew G.},
  title  = {Reinforcement Learning: An Introduction},
  month  = {11},
  year   = {2017},
  url    = {http://incompleteideas.net/book/bookdraft2017nov5.pdf},
}

@Misc{toronto,
  author = {LeCun, Yann and Bengio, Yoshua and Hinton, Geoffrey},
  title  = {Deep learning},
  month  = {05},
  year   = {2015},
  url    = {https://www.cs.toronto.edu/~hinton/absps/NatureDeepReview.pdf},
}

@Misc{techtarget,
  author = {Rouse, Margaret},
  title  = {deep learning (deep neural network)},
  month  = {01},
  year   = {2018},
  url    = {https://searchenterpriseai.techtarget.com/definition/deep-learning-deep-neural-network},
}

@Misc{brohrer,
  author = {Rohrer, Brandon},
  title  = {How do Convolutional Neural Networks work?},
  month  = {08},
  year   = {2016},
  url    = {http://brohrer.github.io/how_convolutional_neural_networks_work.html},
}

@Misc{tejani,
  author = {Shafeen, Tejani},
  title  = {Machines that can see: Convolutional Neural Networks},
  year   = {2016},
  url    = {https://shafeentejani.github.io/2016-12-20/convolutional-neural-nets/},
}

@Misc{becominghuman,
  author = {Vernwal, Rahul},
  title  = {How should I start with CNN},
  month  = {07},
  year   = {2017},
  url    = {https://becominghuman.ai/how-should-i-start-with-cnn-c62a3a89493b},
}

@Misc{cadence,
  author = {Hijazi, Samer and Kumar, Rishi and Rowen, Chris},
  title  = {Using Convolutional Neural Networks for Image Recognition},
  year   = {2015},
  url    = {https://ip.cadence.com/uploads/901/cnn_wp-pdf},
}

@Misc{jeremy,
  author = {Jordan, Jeremy},
  title  = {Convolutional neural networks.},
  month  = {08},
  year   = {2017},
  url    = {https://www.jeremyjordan.me/convolutional-neural-networks/},
}

@Misc{ujjwalkarn,
  author = {ujjwalkarn},
  title  = {An Intuitive Explanation of Convolutional Neural Networks},
  month  = {08},
  year   = {2016},
  url    = {https://ujjwalkarn.me/2016/08/11/intuitive-explanation-convnets/},
}

@Comment{jabref-meta: databaseType:bibtex;}
