% Encoding: windows-1252

@Misc{Amazon,
  author = {Mackenzie, Ian and Meyer, Chris and Noble, Steve},
  title  = {How retailers can keep up with consumers},
  month  = {10},
  year   = {2013},
  url    = {https://www.mckinsey.com/industries/retail/our-insights/how-retailers-can-keep-up-with-consumers},
}

@Misc{Deeplearning,
  author = {Kovalev, Vassili and Kovalev, Sergey and Kalinovsky, Alexander},
  title  = {Deep Learning with Theano, Torch, Caffe, TensorFlow, and Deeplearning4J},
  month  = {10},
  year   = {2016},
  url    = {https://www.researchgate.net/publication/302955130_Deep_Learning_with_Theano_Torch_Caffe_TensorFlow_and_Deeplearning4J_Which_One_Is_the_Best_in_Speed_and_Accuracy},
}

@Misc{9to5,
  author = {Miller, Change},
  title  = {Apple releases Turi Create framework on GitHub to simplify development of machine learning models},
  month  = {12},
  year   = {2017},
  url    = {https://9to5mac.com/2017/12/08/turi-create-framework-release/},
}

@Misc{Microsoft,
  author = {Roth, Anna},
  title  = {Custom Vision Service introduces classifier export, starting with CoreML for iOS 11},
  month  = {09},
  year   = {2017},
  url    = {https://azure.microsoft.com/en-us/blog/custom-vision-service-introduces-classifier-export-starting-with-coreml-for-ios-11/},
}

@Comment{jabref-meta: databaseType:bibtex;}
